@article{DBLP:journals/corr/AbadiA16,
  author    = {Mart{\'{\i}}n Abadi and
               David G. Andersen},
  title     = {Learning to Protect Communications with Adversarial Neural Cryptography},
  journal   = {CoRR},
  volume    = {abs/1610.06918},
  year      = {2016},
  url       = {http://arxiv.org/abs/1610.06918},
  archivePrefix = {arXiv},
  eprint    = {1610.06918},
  timestamp = {Wed, 07 Jun 2017 14:43:08 +0200},
  biburl    = {https://dblp.org/rec/bib/journals/corr/AbadiA16},
  bibsource = {dblp computer science bibliography, https://dblp.org}
}

